@inproceedings{Gos,
author = "Goswami, A.",
booktitle = "Proceedings of the IEEE International Conference on Robotics and Automation",
keywords = "",
number = "",
address = "Detroit, MI, US",
pages = {47--52},
title = "Foot Rotation Indicator (FRI) point: A new gait planning tool to evaluate postural stability of biped robots",
volume = "",
year = {1999},
}

@INPROCEEDINGS{Kaj2001,
author={S. Kajita and F. Kanehiro and K. Kaneko and K. Yokoi and H. Hirukawa},
booktitle={Intelligent Robots and Systems, 2001. Proceedings. 2001 IEEE/RSJ International Conference on},
title={The 3D linear inverted pendulum mode: a simple modeling for a biped walking pattern generation},
year={2001},
volume={1},
pages={239-246 vol.1},
keywords={legged locomotion;linear systems;nonlinear control systems;pendulums;robot dynamics;12-DOF biped robot model;3D linear inverted pendulum dynamics;3D walking control;3D-LIPM;biped walking pattern generation;linear dynamics;Electronic mail;Equations;Humanoid robots;Industrial control;Jacobian matrices;Leg;Legged locomotion;Motion control;Robot kinematics;Service robots},
doi={10.1109/IROS.2001.973365},
month={},
}

@book{Kaj2005,
author = "Kajita, S. and Hirukawa, Hirohisa and Harada, Kensuke and Yokoi, Kazuhito",
keywords = "",
number = "",
pages = "",
title = "Introduction to Humanoid Robotics",
publisher = "Springer-Verlag Berlin Heidelberg",
series = "Springer Tracts in Advanced Robotics",
volume = {101},
year = {2005},
}

@inproceedings{Kan2011,
author = "Kaneko, K. and et al.",
booktitle = "Proceedings of the IEEE International Conference on Intelligent Robots and Systems",
keywords = "",
number = "",
pages = {4392--4399},
title = "Hardware improvement of Cybernetic Human HRP-4C for entertainment use",
address = "San Francisco, CA, US",
volume = "",
year = {2011},
}

@article{Vuk2007,
author = "Vukobratović, M. and Borovac, B. and Potkonjak, V.",
journal = "Robotica",
keywords = "",
number = "",
pages = {87--101},
title = "FALTA ARTICULO: Towards a unified understanding of basic notions and terms in humanoid robotics",
volume = {25},
year = {2007},
}

@article{Vuk2004,
author = "Vukobratović, M. and Borovac, B.",
journal = "International Journal of Humanoid Robotics",
keywords = "",
number = {1},
pages = {157--173},
title = "Zero-Moment Point: Thirty five years of its life",
volume = {1},
year = {2004},
}

@ARTICLE{Vuk1970,
author={M. Vukobratovic and A. A. Frank and D. Juricic},
journal={IEEE Transactions on Biomedical Engineering},
title={On the Stability of Biped Locomotion},
year={1970},
volume={BME-17},
number={1},
pages={25-36},
keywords={Actuators;Control systems;Earth;Force control;Leg;Legged locomotion;Nonlinear dynamical systems;Nonlinear systems;Stability;Torque;Biomechanics;Humans;Locomotion;Models, Theoretical},
}

@INPROCEEDINGS{Kim2004, 
author={Jung-Hoon Kim and Jun-Ho Oh}, 
booktitle={Proceedings of the 2004 IEEE International Conference on Robotics and Automation (ICRA '04)}, 
title={Walking control of the humanoid platform KHR-1 based on torque feedback control}, 
year={2004}, 
volume={1}, 
pages={623-628 Vol.1},
doi={10.1109/ROBOT.2004.1307218}, 
ISSN={1050-4729}, 
month={April},}

@book{Ogata,
    author    = "Ogata, K.",
    title     = "Modern Control Engineering",
    year      = {2010},
    publisher = "Prentice Hall",
    address   = ""
}

@article{Yarp2006,
author = "Giorgio Metta and Paul Fitzpatrick and Lorenzo Natale",
journal = "International Journal of Advanced Robotic Systems",
keywords = "",
number = {1},
pages = {043--048},
title = "YARP: Yet Another Robot Platform",
volume = {1},
year = {2006},
}

@INPROCEEDINGS{Kanehiro2006,
author={F. Kanehiro and Y. IShiwata and H. Saito and K. Akachi and G. Miyamori and T. Isozumi, K. Kaneko and H. Hirukawa }, 
booktitle={Proceedings of the International Conference on Intelligent Robots and Systems (IROS '06)}, 
title={Distributed Control System of Humanoid Robots Based on Real-time Ethernet}, 
year={2006}, 
volume={1}, 
pages={2471--2477},
doi={}, 
ISSN={}, 
month={},
}


@article{Park2007,
author = "I. Park and J. Kim and J. Lee and J. Oh",
journal = "International Journal of Advanced Robotic Systems",
keywords = "",
number = {11},
pages = {1305--1322},
title = "Mechanical Design of the Humanoid Robot Platform, HUBO",
volume = {21},
year = {2007},
}

@article{Park2008,
author = "I. Park and J. Kim and J. Lee and J. Oh",
journal = "Journal of Robotics and Autonomous Systems",
keywords = "",
number = {1},
pages = {95--103},
title = "Control Hardware Integration of a Biped Humanoid Robot with an Android Head",
volume = {56},
year = {2008},
}

@INPROCEEDINGS{Cho2009,
author={B. Cho and S. Park and J. Oh}, 
booktitle={Proceedings of the IEEE International Conference on Humanoid Robots}, 
title={Controllers for Running in the Humanoid Robot HUBO}, 
year={2009}, 
volume={}, 
pages={385--390},
doi={}, 
ISSN={}, 
month={},
}

@misc{BostonWeb,
author = {},
title = {Boston Dynamics Website},
year = {2016},
howpublished = "url{http://www. bostondynamics.com}",
urldate = {11-June-2016},
}

@misc{icubWeb,
author = {},
title = {The RobotCub Project Website},
year = {2016},
howpublished = "url{http://www.robotcub.org/}",
urldate = {11-June-2016},
}

@INPROCEEDINGS{Arbulu2005, 
author={M. Arbulu and J. M. Pardos and L. Cabas and P. Staroverov and D. Kaynov and C. Perez and M. Rodriguez and C. Balaguer}, 
booktitle={5th IEEE-RAS International Conference on Humanoid Robots, 2005.}, 
title={Rh-0 humanoid full size robot's control strategy based on the Lie logic technique}, 
year={2005}, 
pages={271-276}, 
keywords={humanoid robots;legged locomotion;robot kinematics;1.350 mm;40 kg;Lie logic technique;Paden-Kahan sub-problem techniques;Rh-0 humanoid robot;distributed dual CAN bus system;kinematics control strategy;product of exponentials;robot kinematics;sagital kinematics division algorithm;Arm;Elbow;Hip;Humanoid robots;Knee;Leg;Logic;Robot control;Shoulder;Wrist}, 
doi={10.1109/ICHR.2005.1573579}, 
ISSN={2164-0572}, 
month={Dec},}

@ARTICLE{Malfaz2012,
TITLE = {A new approach to modelling emotions and their use on a decision making system for artificial agent},
JOURNAL = {IEEE Transactions on Affective Computing },
VOLUME = {3},
NUMBER = {1},
PAGES = {56 - 68},
YEAR = {2012},
AUTHOR = {M. Malfaz, M.A. Salichs}
}

@ARTICLE{Ramey2011,
TITLE = {Maggie: A Social Robot as a Gaming Platform},
JOURNAL = {International Journal of Social Robotics},
VOLUME = {3},
NUMBER = {4},
PAGES = {371 - 381},
YEAR = {2011},
AUTHOR = {A. Ramey and V. Gonzalez Pacheco and  F. Alonso and A. Castro-Gonzalez, M.A. Salichs},
}

@ARTICLE{Mori2012, 
author={M. Mori and K. F. MacDorman and N. Kageki}, 
journal={IEEE Robotics Automation Magazine}, 
title={The Uncanny Valley [From the Field]}, 
year={2012}, 
volume={19}, 
number={2}, 
pages={98-100}, 
keywords={computer animation;human factors;human-robot interaction;humanoid robots;Energy journal;Japanese journal;Tokyo Institute of Technology;computer graphics animation;human-robot interaction;humanlike robot;person response;robotics professor;uncanny valley}, 
doi={10.1109/MRA.2012.2192811}, 
ISSN={1070-9932}, 
month={June},}

@INPROCEEDINGS{Kaneko2004,
author={K. Kaneko and F. Kanehiro and S. Kajita and H. Hirukawa and T. Kawasaki and M. Hirata and K. Akachi and T. Isozumi}, 
booktitle={Proceedings of the IEEE International Conference on Robotics and Automation}, 
title={Humanoid Robot HRP-2}, 
year={2004}, 
volume={}, 
pages={1083--1090},
doi={}, 
ISSN={}, 
month={},
}

@ARTICLE{McGeer1990,
TITLE = {Passive dynamic walking},
JOURNAL = {The International Journal of Robotics Research},
VOLUME = {9},
NUMBER = {2},
PAGES = {62--82},
YEAR = {1990},
AUTHOR = {T. McGeer},
}


@INPROCEEDINGS{Hirai1998,
author={K. Hirai and M. Hirose and Y. Haikawa and T. Takenaka}, 
booktitle={Proceedings of the IEEE International Conference on Robotics and Automation}, 
title={The development of honda humanoid robot}, 
year={1998}, 
volume={}, 
pages={1321-1326},
doi={}, 
ISSN={}, 
month={},
}


@phdthesis{Kaynov2008,
	author		= "Dmitry Kaynov",
	title		= "Open motion control architecture for humanoid robots",
	school		= "University Carlos III of Madrid",
	address	= "",
	year		= "2008",
	month		= "",
	keywords	= "",
	note		= "",
}

@ARTICLE{Winter1996,
AUTHOR = {D. A. Winter and F. Prince and J. S. Frank and C. Powell and K. F. Zabjek},
TITLE = {Unified theory regarding A/P and M/L balance in quiet stance},
JOURNAL = {Journal of Neurophysiology},
VOLUME = {75},
NUMBER = {6},
PAGES = {2334--2343},
YEAR = {1996},
}

